Date,City,Country,Venue,Opening act,Attendance,Revenue
North America[32],North America[32],North America[32],North America[32],North America[32],North America[32],North America[32]
"March 9, 2016",Seattle,United States,KeyArena,Corey Harper Moxie Raia,"12,227 / 12,227","$1,316,780"
"March 11, 2016",Vancouver,Canada,Rogers Arena,Corey Harper Moxie Raia,"14,648 / 14,648","$1,312,442"
"March 13, 2016",Portland,United States,Moda Center,Corey Harper Post Malone Moxie Raia,"14,146 / 14,146","$1,336,071"
"March 15, 2016",Sacramento,United States,Sleep Train Arena,Post Malone Moxie Raia,"13,786 / 13,786","$1,311,567"
"March 17, 2016",San Jose,United States,SAP Center,Post Malone Moxie Raia,"13,508 / 13,508","$1,427,847"
"March 18, 2016",Oakland,United States,Oracle Arena,Post Malone Moxie Raia,"14,828 / 14,828","$1,548,782"
"March 20, 2016",Los Angeles,United States,Staples Center,Post Malone Moxie Raia,"41,445 / 41,445","$4,365,483"
"March 21, 2016",Los Angeles,United States,Staples Center,Post Malone Moxie Raia,"41,445 / 41,445","$4,365,483"
"March 23, 2016",Los Angeles,United States,Staples Center,Post Malone Moxie Raia,"41,445 / 41,445","$4,365,483"
"March 25, 2016",Las Vegas,United States,MGM Grand Garden Arena,Post Malone Moxie Raia,"11,843 / 11,843","$1,411,304"
"March 26, 2016",Fresno,United States,Save Mart Center,Post Malone Moxie Raia,"11,874 / 11,874","$1,154,574"
"March 29, 2016",San Diego,United States,Valley View Casino Center,Post Malone Moxie Raia,"11,571 / 11,571","$1,120,203"
"March 30, 2016",Glendale,United States,Gila River Arena,Post Malone Moxie Raia,"13,550 / 13,550","$1,319,237"
"April 2, 2016",Salt Lake City,United States,Vivint Smart Home Arena,Post Malone Moxie Raia,"15,115 / 15,115","$1,400,611"
"April 4, 2016",Denver,United States,Pepsi Center,Post Malone Moxie Raia,"13,910 / 13,910","$1,457,492"
"April 6, 2016",Kansas City,United States,Sprint Center,Post Malone Moxie Raia,"13,701 / 13,701","$1,277,251"
"April 7, 2016",Tulsa,United States,BOK Center,Post Malone Moxie Raia,"13,231 / 13,231","$1,222,176"
"April 9, 2016",Houston,United States,Toyota Center,Post Malone Moxie Raia,"12,868 / 12,868","$1,407,652"
"April 10, 2016",Dallas,United States,American Airlines Center,Post Malone Moxie Raia,"14,764 / 14,764","$1,563,919"
"April 12, 2016",Atlanta,United States,Philips Arena,Post Malone Moxie Raia,"25,717 / 25,717","$2,726,349"
"April 13, 2016",Atlanta,United States,Philips Arena,Post Malone Moxie Raia,"25,717 / 25,717","$2,726,349"
"April 19, 2016",St. Louis,United States,Scottrade Center,Post Malone Moxie Raia,"15,450 / 15,450","$1,433,791"
"April 20, 2016",Louisville,United States,KFC Yum! Center,Post Malone Moxie Raia,"16,496 / 16,496","$1,513,138"
"April 22, 2016",Rosemont,United States,Allstate Arena,Post Malone Moxie Raia,"28,519 / 28,519","$2,952,529"
"April 23, 2016",Rosemont,United States,Allstate Arena,Post Malone Moxie Raia,"28,519 / 28,519","$2,952,529"
"April 25, 2016",Auburn Hills,United States,The Palace of Auburn Hills,Post Malone Moxie Raia,"14,795 / 14,795","$1,538,259"
"April 26, 2016",Cleveland,United States,Quicken Loans Arena,Post Malone Moxie Raia,"16,028 / 16,028","$1,480,206"
"April 28, 2016",Columbus,United States,Schottenstein Center,Post Malone Moxie Raia,"13,919 / 13,919","$1,331,983"
"April 29, 2016","Washington, D.C.",United States,Verizon Center,Post Malone Moxie Raia,"14,917 / 14,917","$1,551,880"
"May 4, 2016",Brooklyn,United States,Barclays Center,Post Malone Moxie Raia,"29,470 / 29,470","$3,075,262"
"May 5, 2016",Brooklyn,United States,Barclays Center,Post Malone Moxie Raia,"29,470 / 29,470","$3,075,262"
"May 7, 2016",Philadelphia,United States,Wells Fargo Center,Post Malone Moxie Raia,"30,535 / 30,535","$3,131,498"
"May 8, 2016",Philadelphia,United States,Wells Fargo Center,Post Malone Moxie Raia,"30,535 / 30,535","$3,131,498"
"May 10, 2016",Boston,United States,TD Garden,Post Malone Moxie Raia,"28,406 / 28,406","$2,962,651"
"May 11, 2016",Boston,United States,TD Garden,Post Malone Moxie Raia,"28,406 / 28,406","$2,962,651"
"May 13, 2016",Ottawa,Canada,Canadian Tire Centre,The Knocks Moxie Raia,"13,697 / 13,697","$1,327,205"
"May 14, 2016",Quebec City,Canada,Videotron Centre,The Knocks Moxie Raia,"14,014 / 14,014","$1,318,420"
"May 16, 2016",Montreal,Canada,Bell Centre,Post Malone Moxie Raia,"15,956 / 15,956","$1,518,543"
"May 18, 2016",Toronto,Canada,Air Canada Centre,Post Malone Moxie Raia,"31,482 / 31,482","$2,984,876"
"May 19, 2016",Toronto,Canada,Air Canada Centre,Post Malone Moxie Raia,"31,482 / 31,482","$2,984,876"
"June 11, 2016",Winnipeg,Canada,MTS Centre,Moxie Raia,"12,228 / 12,228","$1,180,804"
"June 13, 2016",Calgary,Canada,Scotiabank Saddledome,Post Malone Moxie Raia,"12,944 / 12,944","$1,242,290"
"June 14, 2016",Edmonton,Canada,Rexall Place,Post Malone Moxie Raia,"13,802 / 13,802","$1,292,176"
"June 16, 2016",Saskatoon,Canada,SaskTel Centre,Post Malone Moxie Raia,"12,741 / 12,741","$1,162,416"
"June 18, 2016",Fargo,United States,Fargodome,Post Malone Moxie Raia,"12,451 / 12,451","$1,177,819"
"June 19, 2016",Minneapolis,United States,Target Center,Post Malone Moxie Raia,"14,498 / 14,498","$1,514,540"
"June 21, 2016",Lincoln,United States,Pinnacle Bank Arena,Post Malone Moxie Raia,"13,048 / 13,048","$1,244,748"
"June 22, 2016",Des Moines,United States,Wells Fargo Arena,Post Malone Moxie Raia,"13,086 / 13,086","$1,251,093"
"June 24, 2016",Cincinnati,United States,U.S. Bank Arena,Post Malone Moxie Raia,"12,522 / 12,522","$1,193,105"
"June 25, 2016",Indianapolis,United States,Bankers Life Fieldhouse,Post Malone Moxie Raia,"14,403 / 14,403","$1,363,344"
"June 27, 2016",Nashville,United States,Bridgestone Arena,Post Malone Moxie Raia,"14,051 / 14,051","$1,368,341"
"June 29, 2016",Jacksonville,United States,Jacksonville Arena,Post Malone Moxie Raia,"11,590 / 11,590","$1,116,384"
"June 30, 2016",Orlando,United States,Amway Center,Post Malone Moxie Raia,"13,282 / 13,282","$1,273,025"
"July 2, 2016",Miami,United States,American Airlines Arena,Post Malone Moxie Raia,"27,019 / 27,019","$2,836,286"
"July 3, 2016",Miami,United States,American Airlines Arena,Post Malone Moxie Raia,"27,019 / 27,019","$2,836,286"
"July 6, 2016",Greensboro,United States,Greensboro Coliseum,Post Malone Moxie Raia,"14,832 / 14,832","$1,421,008"
"July 7, 2016",Baltimore,United States,Royal Farms Arena,Post Malone Moxie Raia,"13,325 / 13,325","$1,199,139"
"July 9, 2016",Newark,United States,Prudential Center,Post Malone Moxie Raia,"13,739 / 13,739","$1,475,513"
"July 10, 2016",Hartford,United States,XL Center,Post Malone Moxie Raia,"11,930 / 11,930","$1,169,815"
"July 12, 2016",Buffalo,United States,First Niagara Center,Post Malone Moxie Raia,"14,424 / 14,424","$1,376,691"
"July 13, 2016",Pittsburgh,United States,Consol Energy Center,Post Malone Moxie Raia,"14,508 / 14,508","$1,353,964"
"July 15, 2016",Atlantic City,United States,Boardwalk Hall,Post Malone Moxie Raia,"12,829 / 12,829","$1,241,152"
"July 18, 2016",New York City,United States,Madison Square Garden,Post Malone Moxie Raia,"29,425 / 29,425","$3,340,025"
"July 19, 2016",New York City,United States,Madison Square Garden,Post Malone Moxie Raia,"29,425 / 29,425","$3,340,025"
Asia,Asia,Asia,Asia,Asia,Asia,Asia
"August 13, 2016",Chiba,Japan,Makuhari Messe,—,"25,000 / 25,000","$2,980,580"
"August 14, 2016",Chiba,Japan,Makuhari Messe,—,"25,000 / 25,000","$2,980,580"
Europe[33],Europe[33],Europe[33],Europe[33],Europe[33],Europe[33],Europe[33]
"August 20, 2016[a]",Chelmsford,England,Hylands Park,—,—,—
"August 21, 2016[a]",Staffordshire,England,Weston Park,—,—,—
"September 8, 2016",Kópavogur,Iceland,Kórinn,Sturla Atlas Vic Mensa,"34,893 / 34,893","$5,009,775"
"September 9, 2016",Kópavogur,Iceland,Kórinn,Sturla Atlas Vic Mensa,"34,893 / 34,893","$5,009,775"
"September 14, 2016",Berlin,Germany,Mercedes-Benz Arena,Vic Mensa,"13,344 / 13,344","$1,219,782"
"September 16, 2016",Munich,Germany,Olympiahalle,Vic Mensa,"13,204 / 13,204","$1,275,680"
"September 18, 2016",Cologne,Germany,Lanxess Arena,Vic Mensa,"16,524 / 16,524","$1,395,423"
"September 20, 2016",Paris,France,AccorHotels Arena,The Knocks Vic Mensa,"32,179 / 32,179","$2,576,666"
"September 21, 2016",Paris,France,AccorHotels Arena,The Knocks Vic Mensa,"32,179 / 32,179","$2,576,666"
"September 23, 2016",Oslo,Norway,Telenor Arena,The Knocks,"45,234 / 45,234","$3,950,932"
"September 24, 2016",Oslo,Norway,Telenor Arena,The Knocks,"45,234 / 45,234","$3,950,932"
"September 26, 2016",Helsinki,Finland,Hartwall Arena,The Knocks,"23,354 / 23,354","$2,486,008"
"September 27, 2016",Helsinki,Finland,Hartwall Arena,The Knocks,"23,354 / 23,354","$2,486,008"
"September 29, 2016",Stockholm,Sweden,Tele2 Arena,The Knocks MiC Lowry,"79,380 / 79,380","$5,474,781"
"September 30, 2016",Stockholm,Sweden,Tele2 Arena,The Knocks MiC Lowry,"79,380 / 79,380","$5,474,781"
"October 2, 2016",Copenhagen,Denmark,Telia Parken,The Knocks MiC Lowry,"51,080 / 51,080","$3,615,874"
"October 5, 2016",Antwerp,Belgium,Sportpaleis,The Knocks MiC Lowry,"37,616 / 37,616","$2,890,081"
"October 6, 2016",Antwerp,Belgium,Sportpaleis,The Knocks MiC Lowry,"37,616 / 37,616","$2,890,081"
"October 8, 2016",Arnhem,Netherlands,GelreDome,The Knocks MiC Lowry,"70,428 / 70,428","$5,236,048"
"October 9, 2016",Arnhem,Netherlands,GelreDome,The Knocks MiC Lowry,"70,428 / 70,428","$5,236,048"
"October 11, 2016",London,England,The O2 Arena,The Knocks MiC Lowry,"63,868 / 63,868","$4,865,897"
"October 12, 2016",London,England,The O2 Arena,The Knocks MiC Lowry,"63,868 / 63,868","$4,865,897"
"October 14, 2016",London,England,The O2 Arena,The Knocks MiC Lowry,"63,868 / 63,868","$4,865,897"
"October 15, 2016",London,England,The O2 Arena,The Knocks MiC Lowry,"63,868 / 63,868","$4,865,897"
"October 17, 2016",Birmingham,England,Barclaycard Arena,The Knocks MiC Lowry,"31,269 / 31,269","$2,458,371"
"October 18, 2016",Birmingham,England,Barclaycard Arena,The Knocks MiC Lowry,"31,269 / 31,269","$2,458,371"
"October 20, 2016",Manchester,England,Manchester Arena,The Knocks MiC Lowry,"49,586 / 49,586","$3,700,285"
"October 21, 2016",Manchester,England,Manchester Arena,The Knocks MiC Lowry,"49,586 / 49,586","$3,700,285"
"October 23, 2016",Manchester,England,Manchester Arena,The Knocks MiC Lowry,"49,586 / 49,586","$3,700,285"
"October 24, 2016",Birmingham,England,Genting Arena,The Knocks MiC Lowry,"14,970 / 14,970","$1,168,892"
"October 26, 2016",Sheffield,England,Sheffield Arena,The Knocks MiC Lowry,"13,126 / 13,126","$1,034,351"
"October 27, 2016",Glasgow,Scotland,SSE Hydro,The Knocks MiC Lowry,"38,193 / 38,193","$2,963,880"
"October 29, 2016",Glasgow,Scotland,SSE Hydro,The Knocks MiC Lowry,"38,193 / 38,193","$2,963,880"
"October 30, 2016",Glasgow,Scotland,SSE Hydro,The Knocks MiC Lowry,"38,193 / 38,193","$2,963,880"
"November 1, 2016",Dublin,Ireland,3Arena,The Knocks MiC Lowry,"25,301 / 25,301","$2,304,928"
"November 2, 2016",Dublin,Ireland,3Arena,The Knocks MiC Lowry,"25,301 / 25,301","$2,304,928"
"November 8, 2016",Vienna,Austria,Wiener Stadthalle,The Knocks MiC Lowry,"15,988 / 15,988","$1,427,759"
"November 9, 2016",Zagreb,Croatia,Arena Zagreb,The Knocks MiC Lowry,"18,103 / 18,103","$1,326,854"
"November 11, 2016",Kraków,Poland,Tauron Arena,The Knocks MiC Lowry,"16,010 / 16,010","$1,320,727"
"November 12, 2016",Prague,Czech Republic,O2 Arena,The Knocks MiC Lowry,"18,384 / 18,384","$1,129,114"
"November 14, 2016",Hamburg,Germany,Barclaycard Arena,The Knocks MiC Lowry,"13,493 / 13,493","$1,208,095"
"November 16, 2016",Frankfurt,Germany,Festhalle,The Knocks MiC Lowry,"12,185 / 12,185","$1,255,135"
"November 17, 2016",Zürich,Switzerland,Hallenstadion,The Knocks MiC Lowry,"13,735 / 13,735","$1,461,928"
"November 19, 2016",Bologna,Italy,Unipol Arena,The Knocks MiC Lowry,"27,418 / 27,418","$2,062,484"
"November 20, 2016",Bologna,Italy,Unipol Arena,The Knocks MiC Lowry,"27,418 / 27,418","$2,062,484"
"November 22, 2016",Barcelona,Spain,Palau Sant Jordi,The Knocks MiC Lowry,"17,828 / 17,828","$1,478,323"
"November 23, 2016",Madrid,Spain,Barclaycard Center,The Knocks MiC Lowry,"14,300 / 14,537","$1,450,184"
"November 25, 2016",Lisbon,Portugal,MEO Arena,The Knocks MiC Lowry,"19,380 / 19,380","$1,233,487"
"November 28, 2016",London,England,The O2 Arena,The Knocks MiC Lowry,"32,366 / 32,366","$2,313,609"
"November 29, 2016",London,England,The O2 Arena,The Knocks MiC Lowry,"32,366 / 32,366","$2,313,609"
Latin America[34],Latin America[34],Latin America[34],Latin America[34],Latin America[34],Latin America[34],Latin America[34]
"February 15, 2017",Monterrey,Mexico,Estadio BBVA Bancomer,—,"45,535 / 45,535","$3,491,598"
"February 18, 2017",Mexico City,Mexico,Foro Sol,Robin Schulz,"155,201 / 155,201","$9,340,236"
"February 19, 2017",Mexico City,Mexico,Foro Sol,Robin Schulz,"155,201 / 155,201","$9,340,236"
"February 21, 2017",Mexico City,Mexico,Foro Sol,Robin Schulz,"155,201 / 155,201","$9,340,236"
Oceania[34],Oceania[34],Oceania[34],Oceania[34],Oceania[34],Oceania[34],Oceania[34]
"March 6, 2017",Perth,Australia,nib Stadium,Martin Garrix Sheppard,"24,129 / 24,129","$2,820,168"
"March 10, 2017",Melbourne,Australia,Etihad Stadium,Martin Garrix Sheppard,"54,821 / 54,821","$5,483,928"
"March 13, 2017",Brisbane,Australia,Suncorp Stadium,Martin Garrix Sheppard,"41,000 / 41,000","$4,256,386"
"March 15, 2017",Sydney,Australia,ANZ Stadium,Martin Garrix Sheppard,"65,836 / 65,836","$6,163,843"
"March 18, 2017",Auckland,New Zealand,Mount Smart Stadium,Martin Garrix Sheppard,"35,420 / 35,420","$3,678,465"
Latin America[35][36],Latin America[35][36],Latin America[35][36],Latin America[35][36],Latin America[35][36],Latin America[35][36],Latin America[35][36]
"March 23, 2017",Santiago,Chile,Estadio Nacional,—,"43,000 / 43,000","$5,007,755"
"March 29, 2017",Rio de Janeiro,Brazil,Praça da Apoteose,Rudy Mancuso,"30,801 / 30,801","$3,332,095"
"April 1, 2017",São Paulo,Brazil,Allianz Parque,Rudy Mancuso,"88,273 / 88,273","$9,187,869"
"April 2, 2017",São Paulo,Brazil,Allianz Parque,Rudy Mancuso,"88,273 / 88,273","$9,187,869"
"April 5, 2017",Lima,Peru,Estadio Nacional,"King Lotus, David Cabrera Morillos","25,103 / 29,365","$2,326,212"
"April 8, 2017",Quito,Ecuador,Estadio Olímpico Atahualpa,4 A.M.,"13,047 / 16,254","$1,420,349"
"April 12, 2017",Bogotá,Colombia,Estadio El Campín,Ali Stone,"18,783 / 22,507","$2,024,896"
"April 15, 2017",Punta Cana,Dominican Republic,Hard Rock Hotel & Casino,—,"9,482 / 11,024","$1,022,669"
"April 18, 2017",San Juan,Puerto Rico,José Miguel Agrelot Coliseum,—,"12,560 / 14,194","$1,606,420"
"April 21, 2017",Panama City,Panama,Plaza Figali,—,"7,676 / 7,676","$896,402"
"April 24, 2017",San Jose,Costa Rica,Estadio Nacional,Bartosz Brenes,"23,377 / 26,985","$2,082,325"
Asia[37][38],Asia[37][38],Asia[37][38],Asia[37][38],Asia[37][38],Asia[37][38],Asia[37][38]
"May 3, 2017",Tel Aviv,Israel,Yarkon Park,Static & Ben El Tavori,"57,958 / 58,000","$6,321,104"
"May 6, 2017",Dubai,United Arab Emirates,Autism Rocks Arena,Deen Squad Hamza Hawsawi Rodge,"23,936 / 29,690","$3,327,376"
"May 10, 2017",Mumbai,India,DY Patil Stadium,Sartek Zaeden Alan Walker,"39,376 / 39,376","$3,515,105"
Africa[38],Africa[38],Africa[38],Africa[38],Africa[38],Africa[38],Africa[38]
"May 14, 2017",Johannesburg,South Africa,FNB Stadium,Sketchy Bongo,"58,896 / 68,984","$3,078,163"
"May 17, 2017",Cape Town,South Africa,Cape Town Stadium,Sketchy Bongo,"39,706 / 45,214","$2,316,485"
Europe[38],Europe[38],Europe[38],Europe[38],Europe[38],Europe[38],Europe[38]
"June 3, 2017[b]",Landgraaf,Netherlands,Megaland,—,—,—
"June 5, 2017",Aarhus,Denmark,Jysk Væddeløbsbane,Rudimental Gnash  Adam Daniel,"36,000 / 36,000","$2,880,000"
"June 7, 2017[c]",Stavanger,Norway,Forus Travbane,—,—,—
"June 10, 2017[d]",Stockholm,Sweden,Gärdet,—,—,—
"June 15, 2017",Bern,Switzerland,Stade de Suisse,Halsey,"32,108 / 40,236","$3,151,958"
"June 18, 2017[e]",Monza,Italy,Autodromo Nazionale Monza,Martin Garrix Bastille Alma Mamacita,—,—
"June 21, 2017",Dublin,Ireland,RDS Arena,Halsey,"30,653 / 31,740","$3,487,723"
"June 24, 2017[f]",Lille,France,Stade Pierre-Mauroy,—,—,—
"June 25, 2017[g]",Frankfurt,Germany,Commerzbank Arena,—,—,—
"June 30, 2017",Cardiff,Wales,Principality Stadium,Halsey,"38,434 / 45,021","$2,680,252"
"July 2, 2017[h]",London,England,Hyde Park,Martin Garrix Tove Lo  Anne-Marie,—,—
Total,Total,Total,Total,Total,"2,832,121 / 2,897,874 (99%)","$259,364,636[45]"
